@article{Elliott-2018-ad-extended,
  author  = {Conal Elliott},
  title   = {\href{https://arxiv.org/abs/1804.00746}{The essence of automatic differentiation (Extended version)}},
  journal ={CoRR},
  mon     = apr,
  year    = {2018},
  volume  = {abs/1804.00746}
}

@inproceedings{Elliott-2018-ad-icfp,
  author    = {Conal Elliott},
  title     = {\href{http://conal.net/papers/essence-of-ad/}{The essence of automatic differentiation}},
  booktitle = {Proceedings of the ACM on Programming Languages (ICFP)},
  Qvolume    = {2},
  Qnumber    = {ICFP},
  Qmonth     = sep,
  year      = {2018},
  Qdoi       = {http://dx.doi.org/10.1145/3236765},
  Qarticleno = {4},
  Qnumpages  = {29},
}
                  
@inproceedings{Elliott-2017-compiling-to-categories,
  author    = {Conal Elliott},
  title     = {\href{http://conal.net/papers/compiling-to-categories}{Compiling to categories}},
  booktitle = {Proceedings of the ACM on Programming Languages (ICFP)},
  Qvolume   = {1},
  Qnumber   = {ICFP},
  articleno = {48},
  numpages  = {24},
  year      = {2017},
  Qmonth    = sep,
  Qdoi      = {http://dx.doi.org/10.1145/3110271}
}

@inproceedings{Vytiniotis-2019-differentiable-curry,
  author = {Dimitrios Vytiniotis and Dan Belov and Richard Wei and Gordon Plotkin and Martin Abadi},
  title = {\href{https://dimitriv.github.io/papers/hoad-workshop.pdf
}{The Differentiable Curry}},
  year = 2019,
month = oct,
  note = {To appear in the Program Transformations workshop at NeurIPS 2019}
}